12101000000001                                                                                                          
29999ｻﾝﾌﾟﾙｷﾞﾝｺｳ     000ｻﾝﾌﾟﾙｼﾃﾝ       ｳｹﾄﾘﾆﾝﾝｲﾁ                     0000001001                                          
29999ｻﾝﾌﾟﾙｷﾞﾝｺｳ     000ｻﾝﾌﾟﾙｼﾃﾝ       ｳｹﾄﾘﾆﾝﾝﾆ                      0000002002                                          
8000002000000003003                                                                                                     
9                                                                                                                       