12101000000001                                                                                                          
8000002000000003003                                                                                                     
9                                                                                                                       
